@article{Ma+14,
  author = {Ma, J. and Dushoff, J. and Bolker, B. M. and Earn, D. J. D.},
  title = {Estimating initial epidemic growth rates},
  journal = {Bulletin of Mathematical Biology},
  volume = {76},
  pages = {246-260},
  year = {2014}
}

@article{Ma20,
  author = {Ma, J.},
  title = {Estimating epidemic exponential growth rate and basic reproduction number},
  journal = {Infectious Disease Modelling},
  volume = {5},
  pages = {129-141},
  year = {2014}
}

@article{Earn+20,
  author = {Earn, D. J. D. and Ma, J. and Poinar, H. N. and Dushoff, J. and Bolker, B. M.},
  title = {Acceleration of plague outbreaks in the second pandemic},
  journal = {Proceedings of the National Academy of Sciences USA},
  year = {2020}
}

@book{Bolk08,
  author = {Bolker, B. M},
  title = {Ecological models in R},
  publisher = {Princeton University Press},
  address = {Princeton, NJ},
  year = {2008}
}

@article{Smir+2017,
  author = {Smirnova, A. and Chowell-Puente, G. and deCamp, L. and Moghadas, S. and Sheppard, M. J.},
  title = {Improving epidemic size prediction through stable reconstruction of disease parameters by reduced iteratively regularized Gauss-Newton algorithm},
  journal = {Journal of Inverse and Ill-Posed Problems},
  volume = {25},
  number = {5},
  year = {2017}
}

@phdthesis{DeCa17,
  author = {deCamp, L.},
  title = {Regularized numerical algorithms for stable parameter estimation in epidemiology and implications for forecasting},
  school = {Georgia State University},
  address = {Atlanta, GA},
  year = {2017},
  url = {https://scholarworks.gsu.edu/math_diss/45/}
}

@techreport{RSocSETC20,
  author = {{Science in Emergencies Tasking -- COVID-19}},
  title = {Reproduction number ({R}) and growth rate (r) of the {COVID-19} epidemic in the {UK}: methods of estimation, data sources, causes of heterogeneity, and use as a guide in policy formulation},
  institution = {Royal Society},
  address = {London, UK},
  year = {2020}
}

@book{Shar89,
  author = {Sharpe, R. R.},
  title = {Calendar of wills proved and enrolled in the {Court of Husting, London, A.D. 1258--A.D. 1688}},
  publisher = {J. C. Francis},
  address = {London},
  year = {1889}
}

@article{Cumm+16,
  author = {Cummins, N. and Kelly, M. and \'{O} Gr\'{a}da, C.},
  title = {Living standards and plague in {London}, 1560--1665},
  journal = {The Economic History Review},
  volume = {69},
  number = {1},
  pages = {3-34},
  year = {2016}
}

@article{GaniLeac04,
  author = {Gani, R. and Leach, S.},
  title = {Epidemiological determinants for modeling pneumonic plague outbreaks},
  journal = {Emerging Infectious Diseases},
  volume = {10},
  number = {4},
  pages = {608-614},
  year = {2004}
}

@article{Sven07,
  author = {Svensson, \r{A}.},
  title = {A note on generation times in epidemic models},
  journal = {Mathematical Biosciences},
  volume = {208},
  pages = {300-311},
  year = {2007}
}

@article{WallLips07,
  author = {Wallinga, J. and Lipsitch, M.},
  title = {How generation intervals shap the relationship between growth rates and reproductive numbers},
  journal = {Proceedings of the Royal Society B (Biological Sciences)},
  volume = {274},
  number = {1609},
  pages = {599-604},
  year = {2007}
}

@article{MaEarn06,
  author = {Ma, J. and Earn, D. J. D.},
  title = {Generality of the final size formula for an epidemic of a newly invading infectious disease},
  journal = {Bulletin of Mathematical Biology},
  volume = {68},
  pages = {679-702},
  year = {2006}
}
